<?xml version="1.0" encoding="UTF-8"?><collection xmlns="http://www.loc.gov/MARC21/slim"><record><leader>00510nam--2200169-u-4500</leader><controlfield tag="001">000054853</controlfield><controlfield tag="002">20161230</controlfield><controlfield tag="005">20161230201051</controlfield><controlfield tag="008">120621s1000------------r-----000-0-fre-d</controlfield><datafield ind1=" " ind2=" " tag="040"><subfield code="a">IFIN-HH</subfield></datafield><datafield ind1=" " ind2=" " tag="041"><subfield code="a">fre</subfield></datafield><datafield ind1=" " ind2=" " tag="080"><subfield code="a">539.172.12:539.172.15(043)</subfield></datafield><datafield ind1="1" ind2=" " tag="100"><subfield code="a">Gaillard, Yordan Roger</subfield></datafield><datafield ind1="1" ind2="0" tag="245"><subfield code="a">Etude des resonances geantes par diffusion inelastique de protons et de 3 he</subfield><subfield code="b">These</subfield><subfield code="c">Yordan roger gaillard</subfield></datafield><datafield ind1=" " ind2=" " tag="260"><subfield code="a">Grenoble</subfield><subfield code="b">Universite</subfield><subfield code="c">1979</subfield></datafield><datafield ind1=" " ind2=" " tag="300"><subfield code="a">171089</subfield><subfield code="c">539.17</subfield></datafield><datafield ind1=" " ind2=" " tag="CAT"><subfield code="a">Sys</subfield><subfield code="c">20120621</subfield><subfield code="h">150738</subfield></datafield></record></collection>